@article{Boy2020,
  author = {John D. Boy},
  title = {textnets: A {P}ython Package for Text Analysis with Networks},
  journal = {Journal of Open Source Software},
  volume = {5},
  number = {54},
  pages = {2594},
  year = {2020},
  doi = {10.21105/joss.02594},
}
@article{Opsahl2010,
  author = {Tore Opsahl and Filip Agneessens and John Skvoretz},
  title = {Node centrality in weighted networks: Generalizing degree and shortest paths},
  journal = {Social Networks},
  volume = {32},
  number = {3},
  year = {2010},
  pages = {245--251},
  doi = {10.1016/j.socnet.2010.03.006},
}
@article{Reichardt2006,
  author = {J\"{o}rg Reichardt and Stefan Bornholdt},
  title = {Statistical mechanics of community detection},
  journal = {Physical Review E},
  volume = {74},
  number = {1},
  year = {2006},
  pages = {1--14},
  doi = {10.1103/physreve.74.016110},
}
@article{Traag2019,
  author = {Vincent A. Traag and Ludo Waltman and Nees Jan van Eck},
  title = {From {L}ouvain to {L}eiden: Guaranteeing well-connected communities},
  journal = {Scientific Reports},
  volume = {9},
  number = {1},
  year = {2019},
  pages = {5233},
  doi = {10.1038/s41598-019-41695-z},
}
@article{Bail2016,
  author = {Christopher Andrew Bail},
  title = {Combining natural language processing and network analysis to examine how advocacy organizations stimulate conversation on social media},
  journal = {Proceedings of the National Academy of Sciences},
  volume = {113},
  number = {42},
  year = {2016},
  doi = {10.1073/pnas.1607151113},
  pages = {11823--11828},
}
@book{Manning2008,
  author = {Christopher D. Manning and Prabhakar Raghavan and Hinrich Sch\"utze},
  title = {Introduction to Information Retrieval},
  address = {Cambridge},
  publisher = {Cambridge University Press},
  year = {2008},
  url = {https://nlp.stanford.edu/IR-book/},
}
@article{Serrano2009,
  author = {M. {\'A}ngeles Serrano and Mari{\'a}n Bogu{\~n}{\'a} and Alessandro Vespignani},
  title = {Extracting the multiscale backbone of complex weighted networks},
  journal = {Proceedings of the National Academy of Sciences},
  volume = {106},
  number = {16},
  year = {2009},
  pages = {6483--6488},
  doi = {10.1073/pnas.0808904106},
}
@article{Sandve2013,
  author = {Sandve, Geir Kjetil AND Nekrutenko, Anton AND Taylor, James AND Hovig, Eivind},
  title = {Ten Simple Rules for Reproducible Computational Research},
  journal = {PLOS Computational Biology},
  volume = {9},
  number = {10},
  year = {2013},
  pages = {1--4},
  doi = {10.1371/journal.pcbi.1003285},
}
@article{He2017,
  author={He, Xiangnan and Gao, Ming and Kan, Min-Yen and Wang, Dingxian},
  title = {BiRank: Towards Ranking on Bipartite Graphs},
  journal={IEEE Transactions on Knowledge and Data Engineering},
  volume={29},
  number={1},
  pages={57--71},
  year={2017},
  doi={10.1109/TKDE.2016.2611584}
}
@article{Yang2020,
  author = {Kai-Cheng Yang and Brian Aronson and Yong-Yeol Ahn},
  title = {BiRank: Fast and Flexible Ranking on Bipartite Networks with {R} and {P}ython},
  journal = {Journal of Open Source Software},
  volume = {5},
  number = {51},
  pages = {2315},
  year = {2020},
  doi = {10.21105/joss.02315},
}
@article{Latapy2008,
  author = {Matthieu Latapy and Cl{\'e}mence Magnien and Nathalie Del Vecchio},
  title = {Basic notions for the analysis of large two-mode networks},
  journal = {Social Networks},
  volume = {30},
  number = {1},
  pages = {31--48},
  year = {2008},
  doi = {10.1016/j.socnet.2007.04.006},
}
@article{Stoltz2019,
  author = {Dustin S. Stoltz and Marshall A. Taylor},
  title = {Textual Spanning: Finding Discursive Holes in Text Networks},
  journal = {Socius},
  journalsubtitle = {Sociological Research for a Dynamic World},
  volume = {5},
  pages = {237802311982767},
  year = {2019},
  doi = {10.1177/2378023119827674},
}
@article{Gerlach2018,
  author = {Martin Gerlach and Tiago P. Peixoto and Eduardo G. Altmann},
  title = {A network approach to topic models},
  journal = {Science Advances},
  volume = {4},
  number = {7},
  year = {2018},
  doi = {10.1126/sciadv.aaq1360},
}
