
@article{ai2015,
	title = {Green-to-Red Photoconversion of GCaMP},
	author = {Ai, Minrong and Mills, Holly and Kanai, Makoto and Lai, Jason and Deng, Jingjing and Schreiter, Eric and Looger, Loren and Neubert, Thomas and Suh, Greg},
	year = {2015},
	month = {09},
	date = {2015-09-18},
	journal = {PLOS ONE},
	pages = {e0138127},
	volume = {10},
	number = {9},
	doi = {10.1371/journal.pone.0138127},
	url = {https://journals.plos.org/plosone/article?id=10.1371/journal.pone.0138127},
	note = {Publisher: Public Library of Science},
	langid = {en}
}

@article{gorbachev2020,
	title = {A General Mechanism of Green-to-Red Photoconversions of GFP},
	author = {Gorbachev, Dmitry A. and Petrusevich, Elizaveta F. and Kabylda, Adil M. and Maksimov, Eugene G. and Lukyanov, Konstantin A. and Bogdanov, Alexey M. and Baranov, Mikhail S. and Bochenkova, Anastasia V. and Mishin, Alexander S.},
	year = {2020},
	date = {2020},
	journal = {Frontiers in Molecular Biosciences},
	volume = {7},
	url = {https://www.frontiersin.org/articles/10.3389/fmolb.2020.00176}
}

@article{mejaes2022,
	title = {Practical opinions for new fiber photometry users to obtain rigorous recordings and avoid pitfalls},
	author = {Mejaes, Jennifer and Desai, Dhruvi and Siciliano, Cody A. and Barker, David J.},
	year = {2022},
	month = {11},
	date = {2022-11},
	journal = {Pharmacology Biochemistry and Behavior},
	pages = {173488},
	volume = {221},
	doi = {10.1016/j.pbb.2022.173488},
	url = {https://linkinghub.elsevier.com/retrieve/pii/S0091305722001678},
	langid = {en}
}

@article{barnett2017,
	title = {Deciphering the molecular mechanism responsible for GCaMP6m's Ca2+-dependent change in fluorescence},
	author = {Barnett, Lauren M. and Hughes, Thomas E. and Drobizhev, Mikhail},
	year = {2017},
	month = {02},
	date = {2017-02-09},
	journal = {PLOS ONE},
	pages = {e0170934},
	volume = {12},
	number = {2},
	doi = {10.1371/journal.pone.0170934},
	url = {https://journals.plos.org/plosone/article?id=10.1371/journal.pone.0170934},
	note = {Publisher: Public Library of Science},
	langid = {en}
}

@article{formozov2023,
	title = {A flexible and versatile system for multi-color fiber photometry and optogenetic manipulation},
	author = {Formozov, Andrey and Dieter, Alexander and Wiegert, J. Simon},
	year = {2023},
	month = {03},
	date = {2023-03-27},
	journal = {Cell Reports Methods},
	pages = {100418},
	volume = {3},
	number = {3},
	doi = {10.1016/j.crmeth.2023.100418},
	url = {https://www.sciencedirect.com/science/article/pii/S2667237523000292}
}

@article{kozunova2022,
	title = {Pupil dilation and response slowing distinguish deliberate explorative choices in the probabilistic learning task},
	author = {Kozunova, Galina L. and Sayfulina, Ksenia E. and Prokofyev, Andrey O. and Medvedev, Vladimir A. and Rytikova, Anna M. and Stroganova, Tatiana A. and Chernyshev, Boris V.},
	year = {2022},
	month = {10},
	date = {2022-10},
	journal = {Cognitive, Affective, & Behavioral Neuroscience},
	pages = {1108--1129},
	volume = {22},
	number = {5},
	doi = {10.3758/s13415-022-00996-z},
	url = {https://link.springer.com/10.3758/s13415-022-00996-z},
	langid = {en}
}

@article{valley2020,
	title = {Separation of hemodynamic signals from GCaMP fluorescence measured with wide-field imaging},
	author = {Valley, M. T. and Moore, M. G. and Zhuang, J. and Mesa, N. and Castelli, D. and Sullivan, D. and Reimers, M. and Waters, J.},
	year = {2020},
	month = {01},
	date = {2020-01},
	journal = {Journal of Neurophysiology},
	pages = {356--366},
	volume = {123},
	number = {1},
	doi = {10.1152/jn.00304.2019},
	url = {https://journals.physiology.org/doi/full/10.1152/jn.00304.2019},
	note = {Publisher: American Physiological Society}
}

@article{zhang2022,
	title = {Spectral fiber photometry derives hemoglobin concentration changes for accurate measurement of fluorescent sensor activity},
	author = {Zhang, Wei-Ting and Chao, Tzu-Hao Harry and Yang, Yue and Wang, Tzu-Wen and Lee, Sung-Ho and Oyarzabal, Esteban A. and Zhou, Jingheng and Nonneman, Randy and Pegard, Nicolas C. and Zhu, Hongtu and Cui, Guohong and Shih, Yen-Yu Ian},
	year = {2022},
	month = {07},
	date = {2022-07},
	journal = {Cell Reports Methods},
	pages = {100243},
	volume = {2},
	number = {7},
	doi = {10.1016/j.crmeth.2022.100243},
	url = {https://linkinghub.elsevier.com/retrieve/pii/S2667237522001126},
	langid = {en}
}
