@article{numpy,
  title     = {Array programming with {NumPy}},
  author    = {Harris, Charles R. and Millman, K. Jarrod and van der Walt, Stéfan J. and Gommers, Ralf and Virtanen, Pauli and Cournapeau, David and Wieser, Eric and Taylor, Julian and Berg, Sebastian and Smith, Nathaniel J. and Kern, Robert and Picus, Matti and Hoyer, Stephan and van Kerkwijk, Marten H. and Brett, Matthew and Haldane, Allan and Del Río, Jaime Fernández and Wiebe, Mark and Peterson, Pearu and Gérard-Marchant, Pierre and Sheppard, Kevin and Reddy, Tyler and Weckesser, Warren and Abbasi, Hameer and Gohlke, Christoph and Oliphant, Travis E.},
  journal   = {Nature},
  volume    = {585},
  pages     = {357--362},
  year      = {2020},
  doi       = {10.1038/s41586-020-2649-2}
}

@article{scipy,
  title     = {{SciPy} 1.0: Fundamental Algorithms for Scientific Computing in Python},
  author    = {Virtanen, Pauli and Gommers, Ralf and Oliphant, Travis E. and Haberland, Matt and Reddy, Tyler and Cournapeau, David and Burovski, Evgeni and Peterson, Pearu and Weckesser, Warren and Bright, Jonathan and van der Walt, St{\'e}fan J. and Brett, Matthew and Wilson, Joshua and Millman, K. Jarrod and Mayorov, Nikolay and Nelson, Andrew R. J. and Jones, Eric and Kern, Robert and Larson, Eric and Carey, C J and Polat, {\.I}lhan and Feng, Yu and Moore, Eric W. and VanderPlas, Jake and Laxalde, Denis and Perktold, Josef and Cimrman, Robert and Henriksen, Ian and Quintero, E. A. and Harris, Charles R. and Archibald, Anne M. and Ribeiro, Ant{\^o}nio H. and Pedregosa, Fabian and van Mulbregt, Paul and {SciPy 1.0 Contributors}},
  journal   = {Nature Methods},
  volume    = {17},
  pages     = {261--272},
  year      = {2020},
  doi       = {10.1038/s41592-019-0686-2}
}

@inproceedings{networkx,
  title     = {NetworkX: Network Analysis in Python},
  author    = {Hagberg, Aric A. and Schult, Daniel A. and Swart, Pieter J.},
  booktitle = {Proceedings of the 7th Python in Science Conference (SciPy2008)},
  editor    = {Vaught, Travis and Millman, Jarrod},
  pages     = {11--15},
  address   = {Pasadena, CA USA},
  year      = {2008},
  url       = {https://networkx.org/}
}

@article{tensorflow,
  title     = {TensorFlow: Large-Scale Machine Learning on Heterogeneous Distributed Systems},
  author    = {Martín Abadi and Ashish Agarwal and Paul Barham and Eugene Brevdo and Zhifeng Chen and Craig Citro and Greg S. Corrado and Andy Davis and Jeffrey Dean and Matthieu Devin and Sanjay Ghemawat and Ian Goodfellow and Andrew Harp and Geoffrey Irving and Michael Isard and Yangqing Jia and Rafal Jozefowicz and Lukasz Kaiser and Manjunath Kudlur and Josh Levenberg and Dandelion Man{\'e} and Rajat Monga and Sherry Moore and Derek Murray and Chris Olah and Mike Schuster and Jonathon Shlens and Benoit Steiner and Ilya Sutskever and Kunal Talwar and Paul Tucker and Vincent Vanhoucke and Vijay Vasudevan and Fernanda Vi{\'e}gas and Oriol Vinyals and Pete Warden and Martin Wattenberg and Martin Wicke and Yuan Yu and Xiaoqiang Zheng},
  journal   = {arXiv preprint arXiv:1603.04467},
  year      = {2016},
  url       = {https://arxiv.org/abs/1603.04467}
}

@article{pytorch,
  title     = {PyTorch: An Imperative Style, High-Performance Deep Learning Library},
  author    = {Paszke, Adam and Gross, Sam and Massa, Francisco and Lerer, Adam and Bradbury, James and Chanan, Gregory and Killeen, Trevor and Lin, Zeming and Gimelshein, Natalia and Antiga, Luca and Desmaison, Alban and Kopf, Andreas and Yang, Edward and DeVito, Zachary and Raison, Martin and Tejani, Alykhan and Chilamkurthy, Sasank and Steiner, Benoit and Fang, Lu and Bai, Junjie and Chintala, Soumith},
  journal   = {Advances in Neural Information Processing Systems},
  volume    = {32},
  year      = {2019},
  url       = {https://papers.nips.cc/paper/2019/hash/bdbca288fee7f92f2bfa9f7012727740-Abstract.html}
}

@article{Enright2018,
  title   = {Epidemics on dynamic networks},
  author  = {Enright, Jessica and Kao, Rowland R.},
  journal = {Epidemics},
  volume  = {24},
  pages   = {88--97},
  year    = {2018},
  doi     = {10.1016/j.epidem.2018.04.003}
}

@article{Neri2013,
  title   = {Exclusion processes on networks as models for cytoskeletal transport},
  author  = {Neri, Ilaria and Kern, Norbert and Parmeggiani, Andrea},
  journal = {New Journal of Physics},
  volume  = {15},
  number  = {8},
  pages   = {085005},
  year    = {2013},
  doi     = {10.1088/1367-2630/15/8/085005}
}
